% This file was created with JabRef 2.11.1.
% Encoding: Cp1252


@Article{Atiyah1984,
  Title                    = {The Moment Map and Equivariant Cohomology},
  Author                   = {Michael Atiyah and Raoul Bott},
  Journal                  = {Topology},
  Year                     = {1984},
  Number                   = {1},
  Pages                    = {1--28},
  Volume                   = {23}
}

@Book{Bott1982,
  Title                    = {Differential Forms in Algebraic Topology},
  Author                   = {Raoul Bott and Loring Tu},
  Publisher                = {Springer--Verlag},
  Year                     = {1982}
}

@InBook{Bryant1983,
  Title                    = {Arithmetic and Geometry: Papers Dedicated to I.R. Shafarevich on the Occasion of His Sixtieth Birthday. Volume II: Geometry},
  Author                   = {Bryant, Robert L. and Griffiths, Phillip A.},
  Chapter                  = {Some Observations on the Infinitesimal Period Relations for Regular Threefolds with Trivial Canonical Bundle},
  Pages                    = {77--102},
  Publisher                = {Birkh{\"a}user Boston},
  Year                     = {1983},
  Doi                      = {10.1007/978-1-4757-9286-7_5},
  ISBN                     = {978-1-4757-9286-7},
  Url                      = {http://dx.doi.org/10.1007/978-1-4757-9286-7_5}
}

@Article{Candelas1991,
  Title                    = {Moduli Space of Calabi--Yau Manifolds},
  Author                   = {Philip Candelas and Xenia de la Ossa},
  Journal                  = {Nuclear Physics B},
  Year                     = {1991},
  Pages                    = {455--481},
  Volume                   = {355}
}

@Article{Candelas1991a,
  Title                    = {A pair of Calabi--Yau manifolds as an exactly soluble superconformal theory},
  Author                   = {Philip Candelas and Xenia de la Ossa and Paul Green and Linda Parkes},
  Journal                  = {Nuclear Physics B},
  Year                     = {1991},
  Number                   = {1},
  Pages                    = {21--74},
  Volume                   = {359}
}

@Book{Dieck2008,
  Title                    = {Algebraic Topology},
  Author                   = {Tammo tom Dieck},
  Publisher                = {American Mathematical Society},
  Year                     = {2008}
}

@Book{Godement1997,
  Title                    = {Topologie alg\'ebrique et th\'eorie des faisceaux},
  Author                   = {Roger Godement},
  Publisher                = {Hermann},
  Year                     = {1998}
}

@Book{Guillemin1999,
  Title                    = {Supersymmetry and equivariant de Rham theory},
  Author                   = {Victor Guillemin and Shlomo Sternberg},
  Publisher                = {Springer--Verlag},
  Year                     = {1999}
}

@Book{Hartshorne1997,
  Title                    = {Algebraic Geometry},
  Author                   = {Robin Hartshorne},
  Publisher                = {Springer--Verlag},
  Year                     = {1997}
}

@Book{Hori2003,
  Title                    = {Mirror Symmetry},
  Author                   = {Kentaro Hori and Sheldon Katz and Albrecht Klemm and Rahul Pandharipande and Richard Thomas and Cumrun Vafa and Ravi Vakil and Eric Zaslow},
  Publisher                = {American Mathematical Society},
  Year                     = {2003}
}

@Misc{Hutchings2012,
  Title                    = {Lecture notes on Morse homology (with an eye toward Floer theory and pseudoholomorphic curves)},
  Author                   = {Michael Hutchings},
  HowPublished             = {Course notes},
  Month                    = {Fall},
  Year                     = {2012}
}

@Book{Huybrechts2005,
  Title                    = {Complex Geometry},
  Author                   = {Daniel Huybrechts},
  Publisher                = {Springer--Verlag},
  Year                     = {2005}
}

@Article{Markushevich1987,
  Title                    = {Description of a class of superstring compactifications related to semi-simple Lie algebras},
  Author                   = {Markushevich, D. G.
and Olshanetsky, M. A.
and Perelomov, A. M.},
  Journal                  = {Communications in Mathematical Physics},
  Year                     = {1987},
  Number                   = {2},
  Pages                    = {247--274},
  Volume                   = {111},
  Abstract                 = {A class of vacuum configurations in the superstring theory obtained by compactification of physical dimensions from ten to four is constructed. The compactification scheme involves taking quotients of tori of semisimple Lie algebras by finite symmetry group actions. The complete list of such configurations arising from actions by a Coxeter transformation is given. Some topological invariants having physical interpretations are calculated.},
  Doi                      = {10.1007/BF01217761},
  ISSN                     = {1432-0916},
  Url                      = {http://dx.doi.org/10.1007/BF01217761}
}

@Book{Milnor1974,
  Title                    = {Characteristic Classes},
  Author                   = {John Milnor and James Stasheff},
  Publisher                = {Princeton University Press},
  Year                     = {1974}
}

@Book{Moroianu2007,
  Title                    = {Lectures on K\"ahler Geometry},
  Author                   = {Andrei Moroianu},
  Publisher                = {Cambridge University Press},
  Year                     = {2007}
}

@Book{Shafarevich2013,
  Title                    = {Basic Algebraic Geometry 1: Varieties in Projective Space},
  Author                   = {Igor R. Shafarevich},
  Publisher                = {Springer--Verlag},
  Year                     = {2013}
}

@Article{Tian1987,
  Title                    = {Smoothness of the universal deformation space of compact Calabi--Yau manifolds and its Petersson--Weil metric},
  Author                   = {Gang Tian},
  Journal                  = {Mathematical Aspects of String Theory},
  Year                     = {1987},
  Volume                   = {1}
}

@Book{Voisin2003,
  Title                    = {Hodge Theory and Complex Algebraic Geometry II},
  Author                   = {Claire Voisin},
  Publisher                = {Cambridge University Press},
  Year                     = {2003}
}

@Book{Voisin2002,
  Title                    = {Hodge Theory and Complex Algebraic Geometry, I},
  Author                   = {Claire Voisin},
  Publisher                = {Cambridge University Press},
  Year                     = {2002}
}

